@article{maxwell1867theory,
  title     = {On the dynamical theory of gases},
  author    = {Maxwell, James Clerk},
  journal   = {Philosophical Transactions of the Royal Society of London},
  volume    = {157},
  pages     = {49--88},
  year      = {1867},
  publisher = {The Royal Society London}
}

@article{landauer1961irreversibility,
  title     = {Irreversibility and heat generation in the computing process},
  author    = {Landauer, Rolf},
  journal   = {IBM Journal of Research and Development},
  volume    = {5},
  number    = {3},
  pages     = {183--191},
  year      = {1961},
  publisher = {IBM}
}

@article{haldane1930,
  title   = {Enzymes},
  author  = {Haldane, John Burdon Sanderson},
  journal = {London: Longmans, Green and Co.},
  year    = {1930}
}

@book{wiener1948,
  title     = {Cybernetics: Or Control and Communication in the Animal and the Machine},
  author    = {Wiener, Norbert},
  year      = {1948},
  publisher = {MIT Press},
  address   = {Cambridge, MA}
}

@article{lwoff1962,
  title   = {Biological order},
  author  = {Lwoff, André},
  journal = {MIT Press},
  year    = {1962},
  address = {Cambridge, MA}
}

@book{monod1972,
  title     = {Chance and necessity: An essay on the natural philosophy of modern biology},
  author    = {Monod, Jacques},
  year      = {1972},
  publisher = {Vintage Books},
  address   = {New York}
}

@book{jacob1973,
  title     = {The logic of life: A history of heredity},
  author    = {Jacob, François},
  year      = {1973},
  publisher = {Pantheon Books},
  address   = {New York}
}

@article{cohen1957,
  title   = {Biosynthesis of bacterial flagella},
  author  = {Cohen, Seymour S. and Monod, Jacques},
  journal = {Bacteriological Reviews},
  volume  = {21},
  number  = {3},
  pages   = {169--194},
  year    = {1957}
}

@article{hopfield1982,
  title     = {Neural networks and physical systems with emergent collective computational abilities},
  author    = {Hopfield, John J.},
  journal   = {Proceedings of the National Academy of Sciences},
  volume    = {79},
  number    = {8},
  pages     = {2554--2558},
  year      = {1982},
  publisher = {National Academy of Sciences}
}

@article{friston2010free,
  title     = {The free-energy principle: a unified brain theory?},
  author    = {Friston, Karl},
  journal   = {Nature Reviews Neuroscience},
  volume    = {11},
  number    = {2},
  pages     = {127--138},
  year      = {2010},
  publisher = {Nature Publishing Group}
}

@article{clark2013whatever,
  title     = {Whatever next? Predictive brains, situated agents, and the future of cognitive science},
  author    = {Clark, Andy},
  journal   = {Behavioral and Brain Sciences},
  volume    = {36},
  number    = {3},
  pages     = {181--204},
  year      = {2013},
  publisher = {Cambridge University Press}
}

@book{goldbeter1996biochemical,
  title     = {Biochemical oscillations and cellular rhythms: the molecular bases of periodic and chaotic behaviour},
  author    = {Goldbeter, Albert},
  year      = {1996},
  publisher = {Cambridge University Press},
  address   = {Cambridge, UK}
}

@book{buzsaki2006rhythms,
  title     = {Rhythms of the brain},
  author    = {Buzsáki, György},
  year      = {2006},
  publisher = {Oxford University Press},
  address   = {Oxford, UK}
}

@article{mizraji2007biological,
  title     = {Biological Maxwell demons and the origin of biological information},
  author    = {Mizraji, Eduardo},
  journal   = {BioSystems},
  volume    = {88},
  number    = {3},
  pages     = {269--281},
  year      = {2007},
  publisher = {Elsevier}
}

@article{bennett1982thermodynamics,
  title     = {The thermodynamics of computation—a review},
  author    = {Bennett, Charles H.},
  journal   = {International Journal of Theoretical Physics},
  volume    = {21},
  number    = {12},
  pages     = {905--940},
  year      = {1982},
  publisher = {Springer}
}

@book{arnold1978mathematical,
  title     = {Mathematical methods of classical mechanics},
  author    = {Arnold, Vladimir I.},
  year      = {1978},
  publisher = {Springer-Verlag},
  address   = {New York}
}

@book{goldstein2002classical,
  title     = {Classical mechanics},
  author    = {Goldstein, Herbert and Poole, Charles and Safko, John},
  edition   = {3rd},
  year      = {2002},
  publisher = {Addison Wesley},
  address   = {San Francisco}
}

@article{shannon1948mathematical,
  title     = {A mathematical theory of communication},
  author    = {Shannon, Claude E.},
  journal   = {Bell System Technical Journal},
  volume    = {27},
  number    = {3},
  pages     = {379--423},
  year      = {1948},
  publisher = {Wiley Online Library}
}

@book{cover2006elements,
  title     = {Elements of information theory},
  author    = {Cover, Thomas M. and Thomas, Joy A.},
  year      = {2006},
  publisher = {John Wiley \& Sons},
  address   = {Hoboken, NJ}
}

@article{szilard1929entropy,
  title     = {Über die Entropieverminderung in einem thermodynamischen System bei Eingriffen intelligenter Wesen},
  author    = {Szilard, Leo},
  journal   = {Zeitschrift für Physik},
  volume    = {53},
  number    = {11-12},
  pages     = {840--856},
  year      = {1929},
  publisher = {Springer}
}

@book{brillouin1956science,
  title     = {Science and information theory},
  author    = {Brillouin, Léon},
  year      = {1956},
  publisher = {Academic Press},
  address   = {New York}
}

@article{jarzynski1997nonequilibrium,
  title     = {Nonequilibrium equality for free energy differences},
  author    = {Jarzynski, Christopher},
  journal   = {Physical Review Letters},
  volume    = {78},
  number    = {14},
  pages     = {2690--2693},
  year      = {1997},
  publisher = {American Physical Society}
}

@article{crooks1999entropy,
  title     = {Entropy production fluctuation theorem and the nonequilibrium work relation for free energy differences},
  author    = {Crooks, Gavin E.},
  journal   = {Physical Review E},
  volume    = {60},
  number    = {3},
  pages     = {2721--2726},
  year      = {1999},
  publisher = {American Physical Society}
}
